@inproceedings{Jin:2014:CIA:2660267.2660275,
	author = {Jin, Xing and Hu, Xuchao and Ying, Kailiang and Du, Wenliang and Yin, Heng and Peri, Gautam Nagesh},
	title = {Code Injection Attacks on HTML5-based Mobile Apps: Characterization, Detection and Mitigation},
	booktitle = {Proceedings of the 2014 ACM SIGSAC Conference on Computer and Communications Security},
	series = {CCS '14},
	year = {2014},
	isbn = {978-1-4503-2957-6},
	location = {Scottsdale, Arizona, USA},
	pages = {66--77},
	numpages = {12},
	url = {http://doi.acm.org/10.1145/2660267.2660275},
	doi = {10.1145/2660267.2660275},
	acmid = {2660275},
	publisher = {ACM},
	address = {New York, NY, USA},
	keywords = {HTML5-based mobile application, code injection, static analysis},
}

@inproceedings{Koziokas:2017:UTM:3139367.3139410,
	author = {Koziokas, Panagiotis T. and Tselikas, Nikolaos D. and Tselikis, George S.},
	title = {Usability Testing of Mobile Applications: Web vs. Hybrid Apps},
	booktitle = {Proceedings of the 21st Pan-Hellenic Conference on Informatics},
	series = {PCI 2017},
	year = {2017},
	isbn = {978-1-4503-5355-7},
	location = {Larissa, Greece},
	pages = {55:1--55:2},
	articleno = {55},
	numpages = {2},
	url = {http://doi.acm.org/10.1145/3139367.3139410},
	doi = {10.1145/3139367.3139410},
	acmid = {3139410},
	publisher = {ACM},
	address = {New York, NY, USA},
	keywords = {Mobile apps, app usability, hybrid apps, usability testing, web apps},
}

@inproceedings{Tuncay:2016:DSU:2976749.2978322,
	author = {Tuncay, Guliz Seray and Demetriou, Soteris and Gunter, Carl A.},
	title = {Draco: A System for Uniform and Fine-grained Access Control for Web Code on Android},
	booktitle = {Proceedings of the 2016 ACM SIGSAC Conference on Computer and Communications Security},
	series = {CCS '16},
	year = {2016},
	isbn = {978-1-4503-4139-4},
	location = {Vienna, Austria},
	pages = {104--115},
	numpages = {12},
	url = {http://doi.acm.org/10.1145/2976749.2978322},
	doi = {10.1145/2976749.2978322},
	acmid = {2978322},
	publisher = {ACM},
	address = {New York, NY, USA},
	keywords = {HTML5, access control, android, exploitation, javascript, javascript bridges, origin, webview},
} 
[download]

@inproceedings{Shehab:2014:RAS:2688412.2688417,
	author = {Shehab, Mohamed and AlJarrah, Abeer},
	title = {Reducing Attack Surface on Cordova-based Hybrid Mobile Apps},
	booktitle = {Proceedings of the 2Nd International Workshop on Mobile Development Lifecycle},
	series = {MobileDeLi '14},
	year = {2014},
	isbn = {978-1-4503-2190-7},
	location = {Portland, Oregon, USA},
	pages = {1--8},
	numpages = {8},
	url = {http://doi.acm.org/10.1145/2688412.2688417},
	doi = {10.1145/2688412.2688417},
	acmid = {2688417},
	publisher = {ACM},
	address = {New York, NY, USA},
	keywords = {apache cordova, cross-platform, hybrid, phonegap},
} 
[download]

@article{georgiev_jana_shmatikov_2014, title={Breaking and Fixing Origin-Based Access Control in Hybrid Web/Mobile Application Frameworks}, DOI={10.14722/ndss.2014.23323}, journal={Proceedings 2014 Network and Distributed System Security Symposium}, author={Georgiev, Martin and Jana, Suman and Shmatikov, Vitaly}, year={2014}}

@inproceedings{10.1007/978-3-319-27659-5_22,
	author="Jin, Xing
	and Wang, Lusha
	and Luo, Tongbo
	and Du, Wenliang",
	editor="Desmedt, Yvo",
	title="Fine-Grained Access Control for HTML5-Based Mobile Applications in Android",
	booktitle="Information Security",
	year="2015",
	publisher="Springer International Publishing",
	address="Cham",
	pages="309--318",
	abstract="HTML5-based mobile applications are becoming more and more popular because they can run on different platforms. Several newly introduced mobile OS natively support HTML5-based applications. For those that do not provide native support, such as Android, iOS, and Windows Phone, developers can develop HTML5-based applications using middlewares, such as PhoneGap. In these platforms, programs are loaded into a web component, called WebView, which can render HTML5 pages and execute JavaScript code. In order for the program to access the system resources, which are isolated from the content inside WebView due to its sandbox, bridges need to be built between JavaScript and the native code (e.g. Java code in Android). Unfortunately, such bridges break the existing protection that was originally built into WebView. In this paper, we study the potential risks of HTML5-based applications, and investigate how the existing mobile systems' access control supports these applications. We focus on Android and the PhoneGap middleware. However, our ideas can be applied to other platforms. Our studies indicate that Android does not provide an adequate access control for this kind of applications. We propose a fine-grained access control mechanism for the bridge in Android system. We have implemented our scheme in Android and have evaluated its effectiveness and performance.",
	isbn="978-3-319-27659-5"
}



@inproceedings{7582763, 
	author={S. Lee and J. Dolby and S. Ryu}, 
	booktitle={2016 31st IEEE/ACM International Conference on Automated Software Engineering (ASE)}, 
	title={HybriDroid: Static analysis framework for Android hybrid applications}, 
	year={2016}, 
	volume={}, 
	number={}, 
	pages={250-261}, 
	keywords={Android (operating system);Java;mobile computing;program debugging;program diagnostics;security of data;smart phones;HybriDroid;static analysis framework;Android hybrid application;mobile application;security attack;interoperation mechanism;Android Java;JavaScript;bug detector;programmer error identification;taint analyzer;Java;Androids;Humanoid robots;Web pages;Semantics;Bridges;Mobile communication;Android;hybrid applications;static analysis;multi-language analysis;analysis framework}, 
	doi={}, 
	ISSN={}, 
	month={Sept},}

@article{8410576, 
	author={J. Bai and W. Wang and Y. Qin and S. Zhang and J. Wang and Y. Pan}, 
	journal={IEEE Transactions on Information Forensics and Security}, 
	title={BridgeTaint: A Bi-Directional Dynamic Taint Tracking Method for JavaScript Bridges in Android Hybrid Applications}, 
	year={2019}, 
	volume={14}, 
	number={3}, 
	pages={677-692}, 
	keywords={Bridges;Security;Androids;Humanoid robots;Smart phones;Java;Wireless fidelity;Android hybrid application;dynamic data tracking;data leaks;cross-site scripting;JavaScript bridges}, 
	doi={10.1109/TIFS.2018.2855650}, 
	ISSN={1556-6013}, 
	month={March},}

@inproceedings{Choudhary:ASE15, 
	author={S. R. Choudhary and A. Gorla and A. Orso}, 
	booktitle={2015 30th IEEE/ACM International Conference on Automated Software Engineering (ASE)}, 
	title={Automated Test Input Generation for Android: Are We There Yet? (E)}, 
	year={2015}, 
	volume={}, 
	number={}, 
	pages={429-440}, 
	keywords={Android (operating system);graphical user interfaces;mobile computing;program testing;automated test input generation;mobile applications;automatic application testing;open source Android operating systems;ease-of-use metric;work ability metric;code coverage metric;fault detection ability metric;Androids;Humanoid robots;Testing;Java;Software;Systematics;Receivers;Test input generation;automated testing;Android apps}, 
	doi={10.1109/ASE.2015.89}, 
	ISSN={}, 
	month={Nov},}

@INPROCEEDINGS{Kochhar:ICST15, 
	author={P. S. Kochhar and F. Thung and N. Nagappan and T. Zimmermann and D. Lo}, 
	booktitle={2015 IEEE 8th International Conference on Software Testing, Verification and Validation (ICST)}, 
	title={Understanding the Test Automation Culture of App Developers}, 
	year={2015}, 
	volume={}, 
	number={}, 
	pages={1-10}, 
	keywords={mobile computing;program testing;smart phones;software development management;test automation culture;F-Droid;open-source Android apps;GitHub;testing practices;Windows app developers;Microsoft;executable test cases;Android app developers;automated testing tools;in-house tools;smartphone applications;Testing;Androids;Humanoid robots;Automation;Face;Electronic mail}, 
	doi={10.1109/ICST.2015.7102609}, 
	ISSN={2159-4848}, 
	month={April},}

@inproceedings{Li:ICSE17, 
	author={Yuanchun Li and Ziyue Yang and Yao Guo and Xiangqun Chen}, 
	booktitle={2017 IEEE/ACM 39th International Conference on Software Engineering Companion (ICSE-C)}, 
	title={DroidBot: a lightweight UI-Guided test input generator for android}, 
	year={2017}, 
	volume={}, 
	number={}, 
	pages={23-26}, 
	keywords={invasive software;program testing;public domain software;smart phones;software tools;DroidBot;lightweight UI-Guided test input generator;Android apps;automated test input generation tools;compatibility testing;malware analysis;state transition model;customized sandboxes;commodity devices;open-source tool;GitHub;Instruments;Androids;Humanoid robots;Testing;Malware;Tools;Monitoring;Android;dynamic analysis;automated testing;malware detection;compatibility testing}, 
	doi={10.1109/ICSE-C.2017.8}, 
	ISSN={}, 
	month={May},}

@inproceedings{rip, 
	author={S. Liñán and L. Bello-Jiménez and M. Arévalo and M. Linares-Vásquez}, 
	booktitle={2018 IEEE International Conference on Software Maintenance and Evolution (ICSME)}, 
	title={Automated Extraction of Augmented Models for Android Apps}, 
	year={2018}, 
	volume={}, 
	number={}, 
	pages={549-553}, 
	keywords={Graphical user interfaces;Testing;Tools;Context modeling;Analytical models;Computer crashes;Wireless fidelity;Android testing;Software modeling;Model testing;Mobile testing;Mobile software development;Multi model testing;multi model;augmented model;gui model}, 
	doi={10.1109/ICSME.2018.00065}, 
	ISSN={2576-3148}, 
	month={Sept},}

@inproceedings{7516816,
	Author = {M. Langhammer and A. Shahbazian and N. Medvidovic and R. H. Reussner},
	Booktitle = {WICSA'16},
	Date-Modified = {2018-07-14 18:29:30 +0000},
	Doi = {10.1109/WICSA.2016.35},
	Keywords = {public domain software;software architecture;source code (software);limited system information;open source software systems;rich software model automated extraction;source code;system static architecture extraction;test cases;Analytical models;Calculators;Computer architecture;Phase change materials;Predictive models;Software;Unified modeling language},
	Pages = {99-108},
	Title = {Automated Extraction of Rich Software Models from Limited System Information},
	Year = {2016},
	Bdsk-Url-1 = {http://dx.doi.org/10.1109/WICSA.2016.35}}

@inproceedings{aimDroid,
	Author = {T. Gu and C. Cao and T. Liu and C. Sun and J. Deng and X. Ma and J. L{\"u}},
	Booktitle = {ICSME'17},
	Date-Modified = {2018-07-14 18:28:25 +0000},
	Keywords = {Android (operating system);learning (artificial intelligence);mobile computing;program testing;public domain software;AimDroid;Android applications;activity-insulated multi-level strategy;activity-insulated multilevel automated testing;automated testing;closed-source commercial apps;reinforcement learning;Androids;Computer crashes;Graphical user interfaces;Humanoid robots;Smart phones;Systematics;Testing;Android Application Testing;Model-based Testing;Reinforcement Learning},
	Pages = {103-114},
	Title = {AimDroid: Activity-Insulated Multi-level Automated Testing for Android Applications},
	Year = {2017},
	Bdsk-Url-1 = {http://dx.doi.org/10.1109/ICSME.2017.72}}

@inproceedings{6681334,
	Author = {M. E. Joorabchi and A. Mesbah and P. Kruchten},
	Booktitle = {ESEM'13},
	Date-Modified = {2018-07-14 18:25:10 +0000},
	Doi = {10.1109/ESEM.2013.9},
	Issn = {1949-3770},
	Keywords = {mobile computing;smart phones;grounded theory approach;mobile app development;mobile development community;mobile devices;smartphones;Androids;Companies;Humanoid robots;Interviews;Mobile communication;Smart phones;Testing;mobile app development;mobile platforms;qualitative study},
	Pages = {15-24},
	Title = {Real Challenges in Mobile App Development},
	Year = {2013},
	Bdsk-Url-1 = {http://dx.doi.org/10.1109/ESEM.2013.9}}

@article{amalfitano_fasolino_tramontana_carmine_memon_2012,
	Author = {Amalfitano, Domenico and Fasolino, Anna Rita and Tramontana, Porfirio and Carmine, Salvatore De and Memon, Atif M.},
	Date-Modified = {2018-07-14 18:28:42 +0000},
	Journal = {ASE'12},
	Title = {Using GUI ripping for automated testing of Android applications},
	Year = {2012},
	Bdsk-Url-1 = {http://dx.doi.org/10.1145/2351676.2351717}}

@article{amalfitano_fasolino_tramontana_ta_memon_2015,
	Author = {Amalfitano, Domenico and Fasolino, Anna Rita and Tramontana, Porfirio and Ta, Bryan Dzung and Memon, Atif M},
	Date-Modified = {2018-07-14 18:28:48 +0000},
	Journal = {IEEE Software},
	Number = {5},
	Pages = {53--59},
	Title = {MobiGUITAR: Automated Model-Based Testing of Mobile Apps},
	Volume = {32},
	Year = {2015},
	Bdsk-Url-1 = {http://dx.doi.org/10.1109/ms.2014.55}}

@inproceedings{7724501,
	Author = {R. Sharma and P. Soni and K. Shah and B. Panchal},
	Booktitle = {INDIACom'16},
	Date-Modified = {2018-07-14 18:24:03 +0000},
	Keywords = {Global Positioning System;Internet of Things;diseases;emergency services;health care;mobile computing;patient care;smart phones;Android smartphones;GPS Tracker;Internet of Things;IoT;blood bank centre;emergency message notification;health care;mobile number;patients;polio dose reminder;polio vaccine;user current location;Blood;Computers;Databases;Global Positioning System;Mobile communication;Vaccines;Android;Blood Bank Center;Database;Emergency;G.P.S;Health Care;Message;Polio Vaccine Reminder},
	Pages = {1430-1433},
	Title = {Health care application for Android smartphones using Internet of Things (IoT)},
	Year = {2016}}

@article{6512846,
	Author = {C. Perera and A. Zaslavsky and P. Christen and D. Georgakopoulos},
	Doi = {10.1109/SURV.2013.042313.00197},
	Issn = {1553-877X},
	Journal = {IEEE Communications Surveys Tutorials},
	Keywords = {Internet of Things;sensor placement;ubiquitous computing;wireless sensor networks;Internet of things;context aware computing;context awareness;context life cycle;context modelling;context reasoning;middleware;sensor data;sensor networks;Context;Context-aware services;Internet of Things;Middleware;Sensors;Wireless sensor networks;Internet of things;context awareness;context life cycle;context modelling;context reasoning;middleware;mobile;pervasive;sensor data;sensor networks;ubiquitous},
	Month = {First},
	Number = {1},
	Pages = {414-454},
	Title = {Context Aware Computing for The Internet of Things: A Survey},
	Volume = {16},
	Year = {2014},
	Bdsk-Url-1 = {http://dx.doi.org/10.1109/SURV.2013.042313.00197}}

@inproceedings{8078373,
	Author = {M. Casillo and F. Colace and F. Pascale and S. Lemma and M. Lombardi},
	Booktitle = {M\&N'17},
	Date-Modified = {2018-07-14 18:24:48 +0000},
	Doi = {10.1109/IWMN.2017.8078373},
	Keywords = {customer services;mobile computing;travel industry;Amalfi coast;Internet of Things;Southern Italy;context-aware computing;customer demand;pervasive app;tour operator;touristic experience improvement;touristic field;user typology;Context-aware services;Cultural differences;Multimedia communication;Social network services;Temperature sensors;Adaptive Systems;Context-Aware Computing;Mobile App},
	Pages = {1-6},
	Title = {Context-aware computing for improving the touristic experience: A pervasive app for the Amalfi coast},
	Year = {2017},
	Bdsk-Url-1 = {http://dx.doi.org/10.1109/IWMN.2017.8078373}}

@misc{androidSensors,
	Author = {Google},
	Journal = {Android Developers},
	Title = {Sensors - Android Developers},
	Url = {https://developer.android.com/guide/topics/sensors/sensors\_overview},
	Bdsk-Url-1 = {https://developer.android.com/guide/topics/sensors/sensors%5C_overview}}

@misc{droidbotRepo,
	Author = {Yuanchun Li and Ziyue Yang and Yao Guo and Xiangqun Chen},
	Journal = {GitHub},
	Title = {DroidBot Repository},
	Url = {https://github.com/honeynet/droidbot/tree/master/droidbot},
	Bdsk-Url-1 = {https://github.com/honeynet/droidbot/tree/master/droidbot}}

@misc{androidConnectivity,
	Author = {Google},
	Journal = {Android Developers},
	Title = {Connectivity - Android Developers},
	Url = {https://developer.android.com/guide/topics/connectivity/},
	Bdsk-Url-1 = {https://developer.android.com/guide/topics/connectivity/}}

@inproceedings{gator,
	Author = {S. Yang and H. Zhang and H. Wu and Y. Wang and D. Yan and A. Rountev},
	Booktitle = {ASE'15},
	Date-Modified = {2018-07-14 18:30:31 +0000},
	Doi = {10.1109/ASE.2015.76},
	Keywords = {graph theory;graphical user interfaces;mobile computing;program diagnostics;smart phones;Android;GUI window sequence;WTG;graphical user interface;static analysis;window stack modelling;window transition graph;Analytical models;Androids;Graphical user interfaces;Hardware;Humanoid robots;Pressing;Smart phones;Android;GUI;control-flow analysis;static analysis;testing},
	Pages = {658-668},
	Title = {Static Window Transition Graphs for Android (T)},
	Year = {2015},
	Bdsk-Url-1 = {http://dx.doi.org/10.1109/ASE.2015.76}}

@article{monkeylab,
	Author = {Linares-Vasquez, Mario and White, Martin and Bernal-Cardenas, Carlos and Moran, Kevin and Poshyvanyk, Denys},
	Date-Modified = {2018-07-14 18:27:13 +0000},
	Journal = {MSR'15},
	Title = {Mining Android App Usages for Generating Actionable GUI-Based Execution Scenarios},
	Year = {2015},
	Bdsk-Url-1 = {http://dx.doi.org/10.1109/msr.2015.18}}

@article{crashscope,
	Author = {Moran, Kevin and Linares-Vasquez, Mario and Bernal-Cardenas, Carlos and Vendome, Christopher and Poshyvanyk, Denys},
	Date-Modified = {2018-07-14 18:25:24 +0000},
	Doi = {10.1109/icst.2016.34},
	Journal = {ICST'16},
	Title = {Automatically Discovering, Reporting and Reproducing Android Application Crashes},
	Year = {2016},
	Bdsk-Url-1 = {http://dx.doi.org/10.1109/icst.2016.34}}

@misc{carReport,
	Author = {Jan K{\"u}hle},
	Journal = {Car Report Repository},
	Title = {Car Report},
	Url = {https://bitbucket.org/frigus02/car-report},
	Bdsk-Url-1 = {https://bitbucket.org/frigus02/car-report}}

@misc{apkTool,
	Author = {Connor Tumbleson},
	Journal = {APK Tool Website},
	Title = {APK Tool},
	Url = {https://ibotpeaches.github.io/Apktool/},
	Bdsk-Url-1 = {https://ibotpeaches.github.io/Apktool/}}

@misc{swiftNotes,
	Author = {Adrian Chifor},
	Journal = {GitHub},
	Title = {Swiftnotes},
	Url = {https://github.com/adrianchifor/Swiftnotes},
	Bdsk-Url-1 = {https://github.com/adrianchifor/Swiftnotes}}

@misc{localWeather,
	Author = {thuryn1@gmail.com},
	Journal = {F-Droid},
	Title = {Your local weather},
	Url = {https://f-droid.org/en/packages/org.thosp.yourlocalweather/},
	Bdsk-Url-1 = {https://f-droid.org/en/packages/org.thosp.yourlocalweather/}}

@techreport{ibmHybrid,
	title = {{Native, web or hybrid mobile-app development}},
	author = {IBM Corporation},
	group = {csg},
	Url = {https://www.computerworld.com.au/whitepaper/371126/native-web-or-hybrid-mobile-app-development/download/},
	year = {2012},
	institution = {IBM Software}
}

@misc{tasks,
	Author = {Alex Baker},
	Journal = {GitHub},
	Title = {Tasks},
	Url = {https://github.com/tasks/tasks},
	Bdsk-Url-1 = {https://github.com/tasks/tasks}}

@misc{simpleCalendar,
	Author = {Simple Mobile Tools},
	Journal = {GitHub},
	Title = {Simple Calendar},
	Url = {https://github.com/SimpleMobileTools/Simple-Calendar},
	Bdsk-Url-1 = {https://github.com/SimpleMobileTools/Simple-Calendar}}

@article{moran_linares-vasquez_bernal-cardenas_vendome_poshyvanyk_2016,
	Author = {Moran, Kevin and Linares-Vasquez, Mario and Bernal-Cardenas, Carlos and Vendome, Christopher and Poshyvanyk, Denys},
	Date-Modified = {2018-07-14 18:27:22 +0000},
	Journal = {ICST'16},
	Title = {Automatically Discovering, Reporting and Reproducing Android Application Crashes},
	Year = {2016},
	Bdsk-Url-1 = {http://dx.doi.org/10.1109/icst.2016.34}}

@article{kochhar_thung_nagappan_zimmermann_lo_2015,
	Author = {Kochhar, Pavneet Singh and Thung, Ferdian and Nagappan, Nachiappan and Zimmermann, Thomas and Lo, David},
	Date-Modified = {2018-07-14 18:27:58 +0000},
	Doi = {10.1109/icst.2015.7102609},
	Journal = {ICST'15},
	Title = {Understanding the Test Automation Culture of App Developers},
	Year = {2015},
	Bdsk-Url-1 = {http://dx.doi.org/10.1109/icst.2015.7102609}}

@book{utting_legeard_2010,
	Author = {Utting, Mark and Legeard, Bruno},
	Chapter = {2. The Pain and the Gain},
	Pages = {21-22},
	Place = {Burlington},
	Publisher = {Elsevier Science},
	Title = {Practical Model-Based Testing A Tools Approach},
	Year = {2010}}

@article{grieskamp_2006,
	Author = {Grieskamp, Wolfgang},
	Doi = {10.1007/11940197_1},
	Journal = {Lecture Notes in Computer Science Formal Approaches to Software Testing and Runtime Verification},
	Pages = {1--19},
	Title = {Multi-paradigmatic Model-Based Testing},
	Year = {2006},
	Bdsk-Url-1 = {http://dx.doi.org/10.1007/11940197_1}}

@article{gudmundsson_lindvall_aceto_bergthorsson_ganesan_2016,
	Author = {Gudmundsson, Vignir and Lindvall, Mikael and Aceto, Luca and Bergthorsson, Johann and Ganesan, Dharmalingam},
	Doi = {10.4204/eptcs.208.2},
	Journal = {Electronic Proceedings in Theoretical Computer Science},
	Pages = {16--30},
	Title = {Model-based Testing of Mobile Systems -- An Empirical Study on QuizUp Android App},
	Volume = {208},
	Year = {2016},
	Bdsk-Url-1 = {http://dx.doi.org/10.4204/eptcs.208.2}}

@article{linares-vasquez_moran_poshyvanyk_2017,
	Author = {Linares-Vasquez, Mario and Moran, Kevin and Poshyvanyk, Denys},
	Date-Modified = {2018-07-14 18:25:46 +0000},
	Journal = {ICSME'17},
	Title = {Continuous, Evolutionary and Large-Scale: A New Perspective for Automated Mobile App Testing},
	Year = {2017},
	Bdsk-Url-1 = {http://dx.doi.org/10.1109/icsme.2017.27}}

@article{linares-vasquez_bernal-cardenas_moran_poshyvanyk_2017,
	Author = {Linares-Vasquez, Mario and Bernal-Cardenas, Carlos and Moran, Kevin and Poshyvanyk, Denys},
	Date-Modified = {2018-07-14 18:25:36 +0000},
	Journal = {ICSME'17},
	Title = {How do Developers Test Android Applications?},
	Year = {2017},
	Bdsk-Url-1 = {http://dx.doi.org/10.1109/icsme.2017.47}}

@article{zein_salleh_grundy_2015,
	Author = {Zein, Samer and Salleh, Norsaremah and Grundy, John},
	Doi = {10.1007/978-3-319-22689-7_3},
	Journal = {Communications in Computer and Information Science Intelligent Software Methodologies, Tools and Techniques},
	Pages = {30--41},
	Title = {Mobile Application Testing in Industrial Contexts: An Exploratory Multiple Case-Study},
	Year = {2015},
	Bdsk-Url-1 = {http://dx.doi.org/10.1007/978-3-319-22689-7_3}}

@article{zein_salleh_grundy_2016,
	Author = {Zein, Samer and Salleh, Norsaremah and Grundy, John},
	Doi = {10.1016/j.jss.2016.03.065},
	Journal = {Journal of Systems and Software},
	Pages = {334--356},
	Title = {A systematic mapping study of mobile application testing techniques},
	Volume = {117},
	Year = {2016},
	Bdsk-Url-1 = {http://dx.doi.org/10.1016/j.jss.2016.03.065}}

@article{mao_harman_jia_2016,
	Author = {Mao, Ke and Harman, Mark and Jia, Yue},
	Date-Modified = {2018-07-14 18:29:07 +0000},
	Journal = {ISSTA'16},
	Title = {Sapienz: multi-objective automated testing for Android applications},
	Year = {2016},
	Bdsk-Url-1 = {http://dx.doi.org/10.1145/2931037.2931054}}

@book{rozanski_2014,
	Author = {Rozanski, Nick},
	Place = {Place of publication not identified},
	Publisher = {Addison-Wesley},
	Title = {Software systems architecture: working with stakeholders using viewpoints and perspectives},
	Year = {2014}}

@online{adb,
	Author = {Google},
	Journal = {Android Developers},
	Publisher = {Google},
	Title = {Android Debug Bridge (adb) | Android Developers},
	Url = {https://developer.android.com/studio/command-line/adb},
	Bdsk-Url-1 = {https://developer.android.com/studio/command-line/adb}}

@online{firebase,
	Author = {Google},
	Journal = {Android Developers},
	Publisher = {Google},
	Title = {Firebase Test Lab},
	Url = {https://firebase.google.com/docs/test-lab/android/overview},
	Bdsk-Url-1 = {https://firebase.google.com/docs/test-lab/android/overview}}

@online{weinre,
	Author = {Patrick Mueller},
	Publisher = {Apache Foundation},
	Title = {weinre},
	Url = {https://people.apache.org/~pmuellr/weinre/docs/latest/Home.html},
	Bdsk-Url-1 = {https://people.apache.org/~pmuellr/weinre/docs/latest/Home.html}}

@online{monacaDebugger,
	Author = {Monaca},
	Publisher = {Monaca},
	Title = {Monaca Debugger A Powerful Solution for HTML5 Hybrid App Testing},
	Url = {https://monaca.io/debugger.html},
	Bdsk-Url-1 = {https://monaca.io/debugger.html}}

@inproceedings{Zuo:2015:ADS:2714576.2714583,
	author = {Zuo, Chaoshun and Wu, Jianliang and Guo, Shanqing},
	title = {Automatically Detecting SSL Error-Handling Vulnerabilities in Hybrid Mobile Web Apps},
	booktitle = {Proceedings of the 10th ACM Symposium on Information, Computer and Communications Security},
	series = {ASIA CCS '15},
	year = {2015},
	isbn = {978-1-4503-3245-3},
	location = {Singapore, Republic of Singapore},
	pages = {591--596},
	numpages = {6},
	url = {http://doi.acm.org/10.1145/2714576.2714583},
	doi = {10.1145/2714576.2714583},
	acmid = {2714583},
	publisher = {ACM},
	address = {New York, NY, USA},
	keywords = {android security, https, ssl, webview},
} 
[download]

@online{monkey,
	Author = {Google},
	Journal = {Android Developers},
	Publisher = {Google},
	Title = {UI/Application Exerciser Monkey},
	Url = {https://developer.android.com/studio/test/monkey},
	Bdsk-Url-1 = {https://developer.android.com/studio/test/monkey}}

@online{cdt,
	Author = {Google},
	Journal = {Tools for Web Developers},
	Publisher = {Google},
	Title = {UI/Application Exerciser Monkey},
	Url = {https://developers.google.com/web/tools/chrome-devtools/},
	Bdsk-Url-1 = {https://developers.google.com/web/tools/chrome-devtools/}}

@online{intent,
	Author = {Google},
	Journal = {Android Developers},
	Title = {Intent - Android Developers},
	Url = {https://developer.android.com/reference/android/content/Intent},
	Bdsk-Url-1 = {https://developer.android.com/reference/android/content/Intent}}

@online{layouts,
	Author = {Google},
	Journal = {Android Developers},
	Title = {Layouts - Android Developers},
	Url = {https://developer.android.com/guide/topics/ui/declaring-layout},
	Bdsk-Url-1 = {https://developer.android.com/guide/topics/ui/declaring-layoutt}}

@online{webView,
	Author = {Google},
	Journal = {Android Developers},
	Title = {WebView - Android Developers},
	Url = {https://developer.android.com/reference/android/webkit/WebView},
	Bdsk-Url-1 = {https://developer.android.com/reference/android/webkit/WebView}}

@article{yang_yan_wu_wang_rountev_2015,
	Author = {Yang, Shengqian and Yan, Dacong and Wu, Haowei and Wang, Yan and Rountev, Atanas},
	Date-Modified = {2018-07-14 18:30:14 +0000},
	Journal = {ICSE'15},
	Title = {Static Control-Flow Analysis of User-Driven Callbacks in Android Applications},
	Year = {2015},
	Bdsk-Url-1 = {http://dx.doi.org/10.1109/icse.2015.31}}

@article{Liang:MobiCom14,
	Author = {Liang, Chieh-Jan Mike and Chandra, Ranveer and Zhao, Feng and Lane, Nicholas D. and Brouwers, Niels and Zhang, Li and Karlsson, B{\"o}rje F. and Liu, Hao and Liu, Yan and Tang, Jun and et al.},
	Date-Modified = {2018-07-15 19:20:30 +0000},
	Doi = {10.1145/2639108.2639131},
	Journal = {MobiCom'14},
	Title = {Caiipa: Automated large-scale mobile app testing through contextual fuzzing},
	Year = {2014},
	Bdsk-Url-1 = {http://dx.doi.org/10.1145/2639108.2639131}}

@article{Adamsen:ISSTA2015,
	Author = {Adamsen, Christoffer Quist and Mezzetti, Gianluca and M{\o}ller, Anders},
	Date-Modified = {2018-07-15 19:20:14 +0000},
	Doi = {10.1145/2771783.2771786},
	Journal = {ISSTA'15},
	Title = {Systematic execution of Android test suites in adverse conditions},
	Year = {2015},
	Bdsk-Url-1 = {http://dx.doi.org/10.1145/2771783.2771786}}

@article{Zaeem:ICST2014,
	Author = {Zaeem, Razieh Nokhbeh and Prasad, Mukul R. and Khurshid, Sarfraz},
	Doi = {10.1109/icst.2014.31},
	Journal = {2014 IEEE Seventh International Conference on Software Testing, Verification and Validation},
	Title = {Automated Generation of Oracles for Testing User-Interaction Features of Mobile Apps},
	Year = {2014},
	Bdsk-Url-1 = {http://dx.doi.org/10.1109/icst.2014.31}}
